@article{PP,
	keywords       = {tp, notmine},
	author         = "Alekhin, Sergey and others",
	title          = "{A facility to Search for Hidden Particles at the CERN
	SPS: the SHiP physics case}",
	year           = "2015",
	eprint         = "1504.04855",
	archivePrefix  = "arXiv",
	primaryClass   = "hep-ph",
	reportNumber   = "CERN-SPSC-2015-017",
	SLACcitation   = "%%CITATION = ARXIV:1504.04855;%%"
}

@article{TP,
	keywords       = {tp, mine},
	author         = "Anelli, M. and others",
	title          = "{A facility to Search for Hidden Particles (SHiP) at the
	CERN SPS}",
	collaboration  = "SHiP",
	year           = "2015",
	eprint         = "1504.04956",
	archivePrefix  = "arXiv",
	primaryClass   = "physics.ins-det",
	reportNumber   = "CERN-SPSC-2015-016, SPSC-P-350",
	SLACcitation   = "%%CITATION = ARXIV:1504.04956;%%"
}


@article{Agashe:2014kda,
	author         = "Olive, K. A. and others",
	title          = "{Review of Particle Physics}",
	collaboration  = "Particle Data Group",
	journal        = "Chin. Phys.",
	volume         = "C38",
	year           = "2014",
	pages          = "090001",
	doi            = "10.1088/1674-1137/38/9/090001",
	SLACcitation   = "%%CITATION = CHPHD,C38,090001;%%"
}

@article{LHC,
	author         = "Evans, Lyndon and Bryant, Philip",
	title          = "{LHC Machine}",
	journal        = "JINST",
	volume         = "3",
	year           = "2008",
	pages          = "S08001",
	doi            = "10.1088/1748-0221/3/08/S08001",
	SLACcitation   = "%%CITATION = JINST,3,S08001;%%"
}

@article{cms,
	author         = "Chatrchyan, S. and others",
	title          = "{The CMS experiment at the CERN LHC}",
	collaboration  = "CMS",
	journal        = "JINST",
	volume         = "3",
	year           = "2008",
	pages          = "S08004",
	doi            = "10.1088/1748-0221/3/08/S08004",
	SLACcitation   = "%%CITATION = JINST,3,S08004;%%"
}

@article{atlas,
	author         = "Aad, G. and others",
	title          = "{The ATLAS Experiment at the CERN Large Hadron Collider}",
	collaboration  = "ATLAS",
	journal        = "JINST",
	volume         = "3",
	year           = "2008",
	pages          = "S08003",
	doi            = "10.1088/1748-0221/3/08/S08003",
	SLACcitation   = "%%CITATION = JINST,3,S08003;%%"
}

@article{lhcb,
	author         = "Alves, Jr., A. Augusto and others",
	title          = "{The LHCb Detector at the LHC}",
	collaboration  = "LHCb",
	journal        = "JINST",
	volume         = "3",
	year           = "2008",
	pages          = "S08005",
	doi            = "10.1088/1748-0221/3/08/S08005",
	SLACcitation   = "%%CITATION = JINST,3,S08005;%%"
}

@article{genie,
      author         = "Andreopoulos, C. and others",
      title          = "{The GENIE Neutrino Monte Carlo Generator}",
      journal        = "Nucl. Instrum. Meth.",
      volume         = "A614",
      year           = "2010",
      pages          = "87-104",
      doi            = "10.1016/j.nima.2009.12.009",
      eprint         = "0905.2517",
      archivePrefix  = "arXiv",
      primaryClass   = "hep-ph",
      reportNumber   = "FERMILAB-PUB-09-418-CD",
      SLACcitation   = "%%CITATION = ARXIV:0905.2517;%%"
}

@article{geant4,
      author         = "Agostinelli, S. and others",
      title          = "{GEANT4: A Simulation toolkit}",
      collaboration  = "GEANT4",
      journal        = "Nucl. Instrum. Meth.",
      volume         = "A506",
      year           = "2003",
      pages          = "250",
      doi            = "10.1016/S0168-9002(03)01368-8",
      reportNumber   = "SLAC-PUB-9350, FERMILAB-PUB-03-339",
      SLACcitation   = "%%CITATION = NUIMA,A506,250;%%"
}

@article{CERN-SHiP-NOTE-2015-009,
      title         = "{Heavy Flavour Cascade Production in a Beam Dump}",
      collaboration = "SHiP Collaboration",
      month         = "Dec",
      year          = "2015",
      reportNumber  = "CERN-SHiP-NOTE-2015-009",
      url           = "https://cds.cern.ch/record/2115534",
}

@article{fairroot,
	author={M Al-Turany and D Bertini and R Karabowicz and D Kresan and P Malzacher and T Stockmanns and F Uhlig},
	title={The FairRoot framework},
	journal={Journal of Physics: Conference Series},
	volume={396},
	number={2},
	pages={022001},
	doi= "10.1088/1742-9596/396/2/022001",
	url={http://stacks.iop.org/1742-6596/396/i=2/a=022001},
	year={2012},
}

@article{Holdom:1985ag,
      author         = "Holdom, Bob",
      title          = "{Two U(1)'s and Epsilon Charge Shifts}",
      journal        = "Phys. Lett.",
      volume         = "166B",
      year           = "1986",
      pages          = "196-198",
      doi            = "10.1016/0370-2693(86)91377-8",
      reportNumber   = "UTPT-85-30",
      SLACcitation   = "%%CITATION = PHLTA,166B,196;%%"
}

@article{Apollinari:2015bam,
      author         = "Apollinari, G and Béjar Alonso, I and Brüning, O and
                        Lamont, M and Rossi, L",
      title          = "{High-Luminosity Large Hadron Collider (HL-LHC) :
                        Preliminary Design Report}",
      doi            = "10.5170/CERN-2015-005",
      year           = "2015",
      reportNumber   = "CERN-2015-005, FERMILAB-DESIGN-2015-02",
      SLACcitation   = "%%CITATION = CERN-2015-005;%%"
}

@article{Gorbunov:2014wqa,
	author         = "Gorbunov, D. and Makarov, A. and Timiryasov, I.",
	title          = "{Decaying light particles in the SHiP experiment: Signal
	rate estimates for hidden photons}",
	journal        = "Phys. Rev.",
	volume         = "D91",
	year           = "2015",
	number         = "3",
	pages          = "035027",
	doi            = "10.1103/PhysRevD.91.035027",
	eprint         = "1411.4007",
	archivePrefix  = "arXiv",
	primaryClass   = "hep-ph",
	reportNumber   = "INR-TH-2014-026",
	SLACcitation   = "%%CITATION = ARXIV:1411.4007;%%"
}

@article{Batell:2009di,
	author         = "Batell, Brian and Pospelov, Maxim and Ritz, Adam",
	title          = "{Exploring Portals to a Hidden Sector Through Fixed
	Targets}",
	journal        = "Phys. Rev.",
	volume         = "D80",
	year           = "2009",
	pages          = "095024",
	doi            = "10.1103/PhysRevD.80.095024",
	eprint         = "0906.5614",
	archivePrefix  = "arXiv",
	primaryClass   = "hep-ph",
	SLACcitation   = "%%CITATION = ARXIV:0906.5614;%%"
}


@article{RevModPhys.35.335,
	title = {Electric and Magnetic Form Factors of the Nucleon},
	author = {Hand, L. N. and Miller, D. G. and Wilson, Richard},
	journal = {Rev. Mod. Phys.},
	volume = {35},
	issue = {2},
	pages = {335--349},
	numpages = {0},
	year = {1963},
	month = {Apr},
	publisher = {American Physical Society},
	doi = {10.1103/RevModPhys.35.335},
	url = {http://link.aps.org/doi/10.1103/RevModPhys.35.335}
}


@article{pythia6,
	author="Sjöstrand, Torbjörn and Mrenna, Stephen and Skands, Peter Z.",
	title={PYTHIA 6.4 physics and manual},
	journal={Journal of High Energy Physics},
	volume={2006},
	number={05},
	pages={026},
	url={http://stacks.iop.org/1126-6708/2006/i=05/a=026},
	year={2006},
}


@article{Sjostrand:2014zea,
      author         = "Sjöstrand, Torbjörn and Ask, Stefan and Christiansen,
                        Jesper R. and Corke, Richard and Desai, Nishita and Ilten,
                        Philip and Mrenna, Stephen and Prestel, Stefan and
                        Rasmussen, Christine O. and Skands, Peter Z.",
      title          = "{An Introduction to PYTHIA 8.2}",
      journal        = "Comput. Phys. Commun.",
      volume         = "191",
      year           = "2015",
      pages          = "159-177",
      doi            = "10.1016/j.cpc.2015.01.024",
      eprint         = "1410.3012",
      archivePrefix  = "arXiv",
      primaryClass   = "hep-ph",
      reportNumber   = "LU-TP-14-36, MCNET-14-22, CERN-PH-TH-2014-190,
                        FERMILAB-PUB-14-316-CD, DESY-14-178, SLAC-PUB-16122",
      SLACcitation   = "%%CITATION = ARXIV:1410.3012;%%"
}

@article{SHiPPaper3,
        keywords       = {},
	author         = "Anelli, M. and others",
	title          = "{Sensitivity of the SHiP experiment to Heavy Neutral Leptons}",
	collaboration  = "SHiP",
	year           = "2018",
	eprint         = "To be submitted",
	archivePrefix  = "arXiv",
	primaryClass   = "physics.ins-det",
	reportNumber   = "TBA",
	SLACcitation   = "%%CITATION = ARXIV:1504.04956;%%"
}

@article{Aaboud:2018fvk,
      author         = "Aaboud, Morad and others",
      title          = "{Search for Higgs boson decays to
                        beyond-the-Standard-Model light bosons in four-lepton
                        events with the ATLAS detector at $\sqrt{s}=13$ TeV}",
      collaboration  = "ATLAS",
      journal        = "JHEP",
      volume         = "06",
      year           = "2018",
      pages          = "166",
      doi            = "10.1007/JHEP06(2018)166",
      eprint         = "1802.03388",
      archivePrefix  = "arXiv",
      primaryClass   = "hep-ex",
      reportNumber   = "CERN-EP-2017-293",
      SLACcitation   = "%%CITATION = ARXIV:1802.03388;%%"
}
@article{Aaboud:2017buh,
      author         = "Aaboud, Morad and others",
      title          = "{Search for new high-mass phenomena in the dilepton final
                        state using 36 fb$^{-1}$ of proton-proton collision data
                        at $ \sqrt{s}=13 $ TeV with the ATLAS detector}",
      collaboration  = "ATLAS",
      journal        = "JHEP",
      volume         = "10",
      year           = "2017",
      pages          = "182",
      doi            = "10.1007/JHEP10(2017)182",
      eprint         = "1707.02424",
      archivePrefix  = "arXiv",
      primaryClass   = "hep-ex",
      reportNumber   = "CERN-EP-2017-119",
      SLACcitation   = "%%CITATION = ARXIV:1707.02424;%%"
}

@article{Khachatryan:2016zqb,
      author         = "Khachatryan, Vardan and others",
      title          = "{Search for narrow resonances in dilepton mass spectra in
                        proton-proton collisions at $\sqrt{s}$ = 13 TeV and
                        combination with 8 TeV data}",
      collaboration  = "CMS",
      journal        = "Phys. Lett.",
      volume         = "B768",
      year           = "2017",
      pages          = "57-80",
      doi            = "10.1016/j.physletb.2017.02.010",
      eprint         = "1609.05391",
      archivePrefix  = "arXiv",
      primaryClass   = "hep-ex",
      reportNumber   = "CMS-EXO-15-005, CERN-EP-2016-209,
                        FERMILAB-PUB-16-491-CMS",
      SLACcitation   = "%%CITATION = ARXIV:1609.05391;%%"
}

@techreport{CMS-PAS-HIG-18-003,
      title         = "{A search for pair production of new light bosons decaying
                       into muons at sqrt(s)=13 TeV}",
      institution   = "CERN",
      collaboration = "CMS Collaboration",
      address       = "Geneva",
      number        = "CMS-PAS-HIG-18-003",
      year          = "2018",
      reportNumber  = "CMS-PAS-HIG-18-003",
      url           = "http://cds.cern.ch/record/2632275",
}

@article{Blumlein:2013cua,
      author         = "Blümlein, Johannes and Brunner, Jürgen",
      title          = "{New Exclusion Limits on Dark Gauge Forces from Proton
                        Bremsstrahlung in Beam-Dump Data}",
      journal        = "Phys. Lett.",
      volume         = "B731",
      year           = "2014",
      pages          = "320-326",
      doi            = "10.1016/j.physletb.2014.02.029",
      eprint         = "1311.3870",
      archivePrefix  = "arXiv",
      primaryClass   = "hep-ph",
      reportNumber   = "DESY-13-202, DO-TH-13-29, SFB-CPP-13-87, LPN-13-087",
      SLACcitation   = "%%CITATION = ARXIV:1311.3870;%%"
}


@ARTICLE{PDBook,
author = {
{Yao}, W.-M. and
{Amsler}, C. and
{Asner}, D. and
{Barnett}, R.M. and
{Beringer}, J. and
{Burchat}, P.R. and
{Carone}, C.D. and
{Caso}, C. and
{Dahl}, O. and
{D'Ambrosio}, G. and
{DeGouvea}, A. and
{Doser}, M. and
{Eidelman}, S. and
{Feng}, J.L. and
{Gherghetta}, T. and
{Goodman}, M. and
{Grab}, C. and
{Groom}, D.E. and
{Gurtu}, A. and
{Hagiwara}, K. and
{Hayes}, K.G. and
{Hern\'andez-Rey}, J.J. and
{Hikasa}, K. and
{Jawahery}, H. and
{Kolda}, C. and
{Kwon} Y. and
{Mangano}, M.L. and
{Manohar}, A.V. and
{Masoni}, A. and
{Miquel}, R. and
{M\"onig}, K. and
{Murayama}, H. and
{Nakamura}, K. and
{Navas}, S. and
{Olive}, K.A. and
{Pape}, L. and
{Patrignani}, C. and
{Piepke}, A. and
{Punzi}, G. and
{Raffelt}, G. and
{Smith}, J.G. and
{Tanabashi}, M. and
{Terning}, J. and
{T\"ornqvist}, N.A. and
{Trippe}, T.G. and
{Vogel}, P. and
{Watari}, T. and
{Wohl}, C.G. and
{Workman}, R.L. and
{Zyla}, P.A. and

{Armstrong}, B. and
{Harper}, G. and
{Lugovsky}, V.S. and
{Schaffner}, P. and

{Artuso}, M. and
{Babu}, K.S. and
{Band}, H.R. and
{Barberio}, E. and
{Battaglia}, M. and
{Bichsel}, H. and
{Biebel}, O. and
{Bloch}, P. and
{Blucher}, E. and
{Cahn}, R.N. and
{Casper}, D. and
{Cattai}, A. and
{Ceccucci}, A. and
{Chakraborty}, D. and
{Chivukula}, R.S. and
{Cowan}, G. and
{Damour}, T. and
{DeGrand}, T. and
{Desler}, K. and
{Dobbs}, M.A. and
{Drees}, M. and
{Edwards}, A. and
{Edwards}, D.A. and
{Elvira}, V.D. and
{Erler}, J. and
{Ezhela}, V.V. and
{Fetscher}, W. and
{Fields}, B.D. and
{Foster}, B. and
{Froidevaux}, D. and
{Gaisser}, T.K. and
{Garren}, L. and
{Gerber}, H.-J. and
{Gerbier}, G. and
{Gibbons}, L. and
{Gilman}, F.J. and
{Giudice}, G.F. and
{Gritsan}, A.V. and
{Gr\"unewald}, M. and
{Haber}, H.E. and
{Hagmann}, C. and
{Hinchliffe}, I. and
{H\"ocker}, A. and
{Igo-Kemenes}, P. and
{Jackson}, J.D. and
{Johnson}, K.F. and
{Karlen}, D. and
{Kayser}, B. and
{Kirkby}, D. and
{Klein}, S.R. and
{Kleinknecht}, K. and
{Knowles}, I.G. and
{Kowalewski}, R.V. and
{Kreitz}, P. and
{Krusche}, B. and
{Kuyanov}, Yu.V. and
{Lahav}, O. and
{Langacker}, P. and
{Liddle}, A. and
{Ligeti}, Z. and
{Liss}, T.M. and
{Littenberg}, L. and
{Liu}, L. and
{Lugovsky}, K.S. and
{Lugovsky}, S.B. and
{Mannel}, T. and
{Manley}, D.M. and
{Marciano}, W.J. and
{Martin}, A.D. and
{Milstead}, D. and
{Narain}, M. and
{Nason}, P. and
{Nir}, Y. and
{Peacock}, J.A. and
{Prell}, S.A. and
{Quadt}, A. and
{Raby}, S. and
{Ratcliff}, B.N. and
{Razuvaev}, E.A. and
{Renk}, B. and
{Richardson}, P. and
{Roesler}, S. and
{Rolandi}, G. and
{Ronan}, M.T. and
{Rosenberg}, L.J. and
{Sachrajda}, C.T. and
{Sarkar}, S. and
{Schmitt}, M. and
{Schneider}, O. and
{Scott}, D. and
{Sj\"ostrand}, T. and
{Smoot}, G.F. and
{Sokolsky}, P. and
{Spanier}, S. and
{Spieler}, H. and
{Stahl}, A. and
{Stanev}, T. and
{Streitmatter}, R.E. and
{Sumiyoshi}, T. and
{Tkachenko}, N.P. and
{Trilling}, G.H. and
{Valencia}, G. and
{van Bibber}, K. and
{Vincter}, M.G. and
{Ward}, D.R. and
{Webber}, B.R. and
{Wells}, J.D. and
{Whalley}, M. and
{Wolfenstein}, L. and
{Womersley}, J. and
{Woody}, C.L. and
{Yamamoto}, A. and
{Zenin}, O.V. and
{Zhang}, J. and
{Zhu}, R.-Y.},

title = "{Review of Particle Physics}",
journal = "{Journal of Physics G}",
year = 2006,
volume = "33",
pages = {1+},
url = {http://pdg.lbl.gov}
}



@article{KIM1972665,
title = "An improved Weizsacker Williams method and photoproduction of lepton pairs",
journal = "Physics Letters B",
volume = "40",
number = "6",
pages = "665 - 670",
year = "1972",
note = "",
issn = "0370-2693",
doi = "10.1016/0370-2693(72)90622-3",
author = "K.J. Kim and Y.S. Tsai"
}

@article{Kim_Tsai_1973,
	place={United States},
	title={Improved Weizsaecker--Williams method and its application to lepton and W- boson pair production},
	journal={Phys. Rev., D, v. 8, no. 9, pp. 3109-3125},
	author={Kim, K.J. and Tsai, Y.-.},
	year={1973},
	month={Nov}
	}
	
@article{Patrignani:2016xqp,
      author         = "Patrignani, C. and others",
      title          = "{Review of Particle Physics}",
      collaboration  = "Particle Data Group",
      journal        = "Chin. Phys.",
      volume         = "C40",
      year           = "2016",
      number         = "10",
      pages          = "100001",
      doi            = "10.1088/1674-1137/40/10/100001",
      SLACcitation   = "%%CITATION = CHPHD,C40,100001;%%"
}
@article{Carloni:2011kk,
      author         = "Carloni, Lisa and Rathsman, Johan and Sjostrand,
                        Torbjorn",
      title          = "{Discerning Secluded Sector gauge structures}",
      journal        = "JHEP",
      volume         = "04",
      year           = "2011",
      pages          = "091",
      doi            = "10.1007/JHEP04(2011)091",
      eprint         = "1102.3795",
      archivePrefix  = "arXiv",
      primaryClass   = "hep-ph",
      reportNumber   = "LU-TP-11-09, MCNET-11-06",
      SLACcitation   = "%%CITATION = ARXIV:1102.3795;%%"
}
@article{Ciobanu:2005pv,
      author         = "Ciobanu, Catalin and Junk, Thomas and Veramendi, Gregory
                        and Lee, Jedong and De Lentdecker, Gilles and McFarland,
                        Kevin Scott and Maeshima, Kaori",
      title          = "{Z' generation with PYTHIA}",
      collaboration  = "CDF",
      doi            = "10.2172/15020136",
      year           = "2005",
      reportNumber   = "FERMILAB-FN-0773-E",
      SLACcitation   = "%%CITATION = FERMILAB-FN-0773-E;%%"
}
@article{PhysRevD.98.030001,
  title = {Review of Particle Physics},
  author = {Tanabashi, M. and Hagiwara, K. and Hikasa, K. and Nakamura, K. and Sumino, Y. and Takahashi, F. and Tanaka, J. and Agashe, K. and Aielli, G. and Amsler, C. and Antonelli, M. and Asner, D. M. and Baer, H. and Banerjee, Sw. and Barnett, R. M. and Basaglia, T. and Bauer, C. W. and Beatty, J. J. and Belousov, V. I. and Beringer, J. and Bethke, S. and Bettini, A. and Bichsel, H. and Biebel, O. and Black, K. M. and Blucher, E. and Buchmuller, O. and Burkert, V. and Bychkov, M. A. and Cahn, R. N. and Carena, M. and Ceccucci, A. and Cerri, A. and Chakraborty, D. and Chen, M.-C. and Chivukula, R. S. and Cowan, G. and Dahl, O. and D'Ambrosio, G. and Damour, T. and de Florian, D. and de Gouv\^ea, A. and DeGrand, T. and de Jong, P. and Dissertori, G. and Dobrescu, B. A. and D'Onofrio, M. and Doser, M. and Drees, M. and Dreiner, H. K. and Dwyer, D. A. and Eerola, P. and Eidelman, S. and Ellis, J. and Erler, J. and Ezhela, V. V. and Fetscher, W. and Fields, B. D. and Firestone, R. and Foster, B. and Freitas, A. and Gallagher, H. and Garren, L. and Gerber, H.-J. and Gerbier, G. and Gershon, T. and Gershtein, Y. and Gherghetta, T. and Godizov, A. A. and Goodman, M. and Grab, C. and Gritsan, A. V. and Grojean, C. and Groom, D. E. and Gr\"unewald, M. and Gurtu, A. and Gutsche, T. and Haber, H. E. and Hanhart, C. and Hashimoto, S. and Hayato, Y. and Hayes, K. G. and Hebecker, A. and Heinemeyer, S. and Heltsley, B. and Hern\'andez-Rey, J. J. and Hisano, J. and H\"ocker, A. and Holder, J. and Holtkamp, A. and Hyodo, T. and Irwin, K. D. and Johnson, K. F. and Kado, M. and Karliner, M. and Katz, U. F. and Klein, S. R. and Klempt, E. and Kowalewski, R. V. and Krauss, F. and Kreps, M. and Krusche, B. and Kuyanov, Yu. V. and Kwon, Y. and Lahav, O. and Laiho, J. and Lesgourgues, J. and Liddle, A. and Ligeti, Z. and Lin, C.-J. and Lippmann, C. and Liss, T. M. and Littenberg, L. and Lugovsky, K. S. and Lugovsky, S. B. and Lusiani, A. and Makida, Y. and Maltoni, F. and Mannel, T. and Manohar, A. V. and Marciano, W. J. and Martin, A. D. and Masoni, A. and Matthews, J. and Mei\ss{}ner, U.-G. and Milstead, D. and Mitchell, R. E. and M\"onig, K. and Molaro, P. and Moortgat, F. and Moskovic, M. and Murayama, H. and Narain, M. and Nason, P. and Navas, S. and Neubert, M. and Nevski, P. and Nir, Y. and Olive, K. A. and Pagan Griso, S. and Parsons, J. and Patrignani, C. and Peacock, J. A. and Pennington, M. and Petcov, S. T. and Petrov, V. A. and Pianori, E. and Piepke, A. and Pomarol, A. and Quadt, A. and Rademacker, J. and Raffelt, G. and Ratcliff, B. N. and Richardson, P. and Ringwald, A. and Roesler, S. and Rolli, S. and Romaniouk, A. and Rosenberg, L. J. and Rosner, J. L. and Rybka, G. and Ryutin, R. A. and Sachrajda, C. T. and Sakai, Y. and Salam, G. P. and Sarkar, S. and Sauli, F. and Schneider, O. and Scholberg, K. and Schwartz, A. J. and Scott, D. and Sharma, V. and Sharpe, S. R. and Shutt, T. and Silari, M. and Sj\"ostrand, T. and Skands, P. and Skwarnicki, T. and Smith, J. G. and Smoot, G. F. and Spanier, S. and Spieler, H. and Spiering, C. and Stahl, A. and Stone, S. L. and Sumiyoshi, T. and Syphers, M. J. and Terashi, K. and Terning, J. and Thoma, U. and Thorne, R. S. and Tiator, L. and Titov, M. and Tkachenko, N. P. and T\"ornqvist, N. A. and Tovey, D. R. and Valencia, G. and Van de Water, R. and Varelas, N. and Venanzoni, G. and Verde, L. and Vincter, M. G. and Vogel, P. and Vogt, A. and Wakely, S. P. and Walkowiak, W. and Walter, C. W. and Wands, D. and Ward, D. R. and Wascko, M. O. and Weiglein, G. and Weinberg, D. H. and Weinberg, E. J. and White, M. and Wiencke, L. R. and Willocq, S. and Wohl, C. G. and Womersley, J. and Woody, C. L. and Workman, R. L. and Yao, W.-M. and Zeller, G. P. and Zenin, O. V. and Zhu, R.-Y. and Zhu, S.-L. and Zimmermann, F. and Zyla, P. A. and Anderson, J. and Fuller, L. and Lugovsky, V. S. and Schaffner, P.},
  collaboration = {Particle Data Group},
  journal = {Phys. Rev. D},
  volume = {98},
  issue = {3},
  pages = {030001},
  numpages = {1898},
  year = {2018},
  month = {Aug},
  publisher = {American Physical Society},
  doi = {10.1103/PhysRevD.98.030001},
  url = {https://link.aps.org/doi/10.1103/PhysRevD.98.030001}
}

@article{Bjorken:2009mm,
	author         = "Bjorken, James D. and Essig, Rouven and Schuster, Philip
	and Toro, Natalia",
	title          = "{New Fixed-Target Experiments to Search for Dark Gauge
	Forces}",
	journal        = "Phys. Rev.",
	volume         = "D80",
	year           = "2009",
	pages          = "075018",
	doi            = "10.1103/PhysRevD.80.075018",
	eprint         = "0906.0580",
	archivePrefix  = "arXiv",
	primaryClass   = "hep-ph",
	reportNumber   = "SLAC-PUB-13650, SU-ITP-09-22",
	SLACcitation   = "%%CITATION = ARXIV:0906.0580;%%"
}
